% @article{einstein,
%     author = "Albert Einstein",
%     title = "{Zur Elektrodynamik bewegter K{\"o}rper}. ({German})
%     [{On} the electrodynamics of moving bodies]",
%     journal = "Annalen der Physik",
%     volume = "322",
%     number = "10",
%     pages = "891--921",
%     year = "1905",
%     DOI = "http://dx.doi.org/10.1002/andp.19053221004",
% }
% @book{dirac,
%     title = {The Principles of Quantum Mechanics},
%     author = {Paul Adrien Maurice Dirac},
%     isbn = {9780198520115},
%     series = {International series of monographs on physics},
%     year = {1981},
%     publisher = {Clarendon Press},
% }

% @online{knuthwebsite,
%     author = "Donald Knuth",
%     title = "Knuth: Computers and Typesetting",
%     url  = "http://www-cs-faculty.stanford.edu/~uno/abcde.html",
%     addendum = "(accessed: 01.09.2016)",
% }

% @inbook{knuth-fa,
%     author = "Donald E. Knuth",
%     title = "Fundamental Algorithms",
%     publisher = "Addison-Wesley",
%     year = "1973",
%     chapter = "1.2",
% }


@article{AASHTO,
  title={Policy on Geometric Design of Highways and Streets},
  author={AASHTO},
  journal={American Association of State Highway and Transportation Officials. AASHTO Green Book, Washington DC, USA},
  year={2011}
}

@article{ahlstrom,
  title={A Gaze-Based Driver Distraction Warning System and Its Effect on Visual Behavior},
  author={Ahlström, C. and Kircher, K. and Kircher, A.},
  journal={IEEE Transactions on Intelligent Transportation Systems},
  volume = "14",
  number = "2",
  pages = "965--973",
  year={2013},
  url = "https://doi.org/10.1109/TITS.2013.2247759"
}

@article{ahmed96,
  title={Models of freeway lane changing and gap acceptance behavior},
  author={Ahmed, K. and Ben-Akiva, M.E. and Koutsopoulos, H.N. and Mishalani, R.G.},
  journal={Transportation and Traffic Theory},
  volume={13},
  pages={501--515},
  year={1996}
}

@article{ahmed18,
  author={Ahmed, M. S. and Hoque, M.A. and Rios-Torres, J. and Khattak, A.},
  year={2018},
  title={A Cooperative Freeway Merge Assistance System using Connected Vehicles},
  journal={arXiv 2018, arXiv:1805.00508.},
  url = "https://doi.org/10.48550/arXiv.1805.00508"
}

@article{ali18,
  author={Ali, Y. and Zheng, Z. and Haque, M. M.},
  year={2018},
  title={Connectivity’s impact on mandatory lane-changing behaviour: Evidences from a driving simulator study},
  journal={Transportation Research Part C: Emerging Technologies},
  volume = "93",
  pages = "292-309",
  doi={10.1016/j.trc.2018.06.008}
}

@article{ali21,
  title={CLACD: A complete LAne-Changing decision modeling framework for the connected and traditional environments},
  author={Ali, Y. and Zheng, Z. and Haque, M. M. and Yildirimoglu, M. and Washington, S.},
  journal={Transportation Research Part C: Emerging Technologies},
  volume={128},
  pages={103162},
  year={2021},
  publisher={Elsevier},
  doi={10.1016/j.trc.2021.103162}
}

@article{almallah,
  title={Empirical evaluation of drivers' start-up behavior at signalized intersection using driving simulator},
  author={Almallah, M. and Alfahel, R. and Hussain, Q. and Alhajyaseen, W. K. and Dias, C.},
  journal={Procedia Computer Science},
  volume={170},
  pages={227--234},
  year={2020},
  publisher={Elsevier},
  doi={10.1016/j.procs.2020.03.034}
}

@book{aparicio,
  title={Teoría de los vehículos automóviles},
  author={Aparicio, F. and Vera, C. and Díaz, V.},
  year={1995},
  publisher={Sección Publicaciones la ETSII-UPM}
}

@article{aramrattana,
  title={A Simulation Study on Effects of Platooning Gaps on Drivers of Conventional Vehicles in Highway Merging Situations},
  author={Aramrattana, M. and Larsson, T. and Englund, C. and Jansson, J. and Nåbo, A.},
  journal={IEEE Transactions on Intelligent Transportation Systems},
  volume={23},
  number={4},
  pages={3790--3796},
  year={2022},
  publisher={IEEE},
  doi={10.1109/TITS.2020.3040085}
}

@article{awan,
  title={Standard freeway merge designs support safer driver behaviour compared to taper designs: a driving simulator study},
  author={Awan, H. H. and Pirdavani, A. and Adnan, M. and Yasar, A. and Wets, G. and Brijs, T.},
  journal={Ergonomics},
  volume={63},
  number={4},
  pages={407--420},
  year={2020},
  publisher={Taylor \& Francis},
  doi={10.1080/00140139.2020.1722858}
}

@article{azevedo,
  title={How internal and external risks affect the relationships between trust and driver behavior in automated driving systems},
  author={Azevedo-sa, H. and Zhao, H. and Esterwood, C. and Yang, X. J. and Tilbury, D. M. and Robert, L. P.},
  journal={Transportation Research Part C: Emerging Technologies},
  volume={123},
  year={2021},
  publisher={Elsevier},
  doi={10.1016/j.trc.2021.102973}
}

@article{bai,
  title={3D Vehicle Detection Using Camera and Low-Resolution LiDAR},
  author={Bai, L. and Zhao, Y. and Huang, X.},
  journal={ArXiv:2105.01765},
  year={2021}
}

@inproceedings{basu,
  title={Motion Regularization for Model-based Head Tracking},
  author={Basu, S. and Essa, I. and Pentland, A.},
  booktitle={Proceedings of 13th International Conference on Pattern Recognition},
  volume={3},
  pages={611--616},
  year={1996},
  organization={IEEE},
  doi={10.1109/ICPR.1996.547019}
}

@article{bella,
  title={A collision warning system for rear-end collision: a driving simulator study},
  author={Bella, F. and Russo, R.},
  journal={Procedia-social and behavioral sciences},
  volume={20},
  pages={676--686},
  year={2011},
  publisher={Elsevier},
  doi={10.1016/j.sbspro.2011.08.075}
}

@article{bellosalau,
  title={New road anomaly detection and characterization algorithm for autonomous vehicles},
  author={Bello-Salau, H. and Aibinu, A. M. and Onumanyi, A. J. and Onwuka, E. N. and Dukiya, J. J. and Ohize, H.},
  journal={Applied Computing and Informatics},
  volume={16},
  number={1/2},
  pages={223--239},
  year={2018},
  publisher={Elsevier},
  doi={10.1016/j.aci.2018.05.002}
}

@inproceedings{bender,
  title={Predicting driver intent from models of naturalistic driving},
  author={Bender, A. and Ward, J. R. and Worrall, S. and Nebot, E. M.},
  booktitle={2015 IEEE 18th International Conference on Intelligent Transportation Systems},
  pages={1609--1615},
  year={2015},
  organization={IEEE},
  doi={10.1109/ITSC.2015.262}
}

@article{berrio,
  title={Camera-LIDAR Integration: Probabilistic Sensor Fusion for Semantic Mapping},
  author={Berrio, J. S. and Shan, M. and Worrall, S. and Nebot, E.},
  journal={IEEE Transactions on Intelligent Transportation Systems},
  pages={1--16},
  year={2021},
  publisher={IEEE},
  doi={10.1109/TITS.2021.3071647}
}

@article{bexelius,
  title={An extended model for carfollowing},
  author={Bexelius, S.},
  journal={Transportation Research},
  volume={2},
  number={1},
  pages={13--21},
  year={1968},
  issn={0041-1647},
  doi={10.1016/0041-1647(68)90004-X}
}

@article{bonsall,
  title={Modelling safety-related driving behaviour—impact of parameter values},
  author={Bonsall, P. and Liu, R. and Young, W.},
  journal={Transportation Research Part A: Policy and Practice},
  volume={39},
  number={5},
  pages={425--444},
  year={2005},
  publisher={Elsevier},
  doi={10.1016/j.tra.2005.02.002}
}

@article{brackstone,
  title={Car-following: a historical review},
  author={Brackstone, M. and McDonald, M.},
  journal={Transportation Research Part F: Traffic Psychology and Behaviour},
  volume={2},
  number={4},
  pages={181--196},
  year={1999},
  publisher={Elsevier},
  doi={10.1016/S1369-8478(00)00005-X}
}

@inproceedings{brooke,
  title={SUS - A Quick and Dirty Usability Scale},
  author={Brooke, J.},
  booktitle={Usability evaluation in industry},
  pages={189--194},
  year={1996},
  publisher={CRC Press},
  doi={10.1002/hb}
}

@inproceedings{buhler,
  title={Driving through ghosts: Behavioral cloning with false positives},
  author={B{\"u}hler, A. and Gaidon, A. and Cramariuc, A. and Ambrus, R. and Rosman, G. and Burgard, W.},
  booktitle={2020 IEEE/RSJ International Conference on Intelligent Robots and Systems (IROS)},
  pages={5431--5437},
  year={2020},
  organization={IEEE},
  doi={10.1109/IROS45743.2020.9340639}
}

@inproceedings{burgett98,
  title={A collision warning algorithm for rear-end collisions},
  author={Burgett, A. L. and Carter, A. and Miller, R. J. and Najm, W. G. and Smith, D. L.},
  booktitle={16th International Technical Conference on Enhanced Safety of Vehicles (ESV)},
  address={Windsor, Canada},
  year={1998}
}

@inproceedings{burgett01,
  title={An algorithm for rear-end collision avoidance warning systems},
  author={Burgett, A. and Carter, A. and Preziotti, G.},
  booktitle={Proceedings of 17th International Technical Conference on the Enhanced Safety of Vehicles},
  address={Issue Number: DOT HS 809220. Amsterdam, The Netherlands},
  year={2001},
  organization={National Highway Traffic Safety Administration (NHTSA)}
}

@inproceedings{burns,
  title={E-Distraction: The Challenges for Safe and Usable Internet Services in Vehicles Benefits of In-Vehicle Internet (IVI)},
  author={Burns, P. C. and Lansdown, T. C.},
  booktitle={The National Academies of Sciences, Engineering, and Medicine: Washington, DC, USA},
  year={2001}
}

@misc{frenado,
  title={Directiva 71/320/CEE-98/12 CE},
  author={C.~E.~Frenado},
  journal={Diario Oficial de la Comunidad Europea},
  volume={Nº L202/37},
  year={1998}
}

@book{cacciabue,
  title={Modelling driver behaviour in automotive environments: critical issues in driver interactions with intelligent transport systems},
  author={Cacciabue, P. C.},
  year={2007},
  publisher={Springer-Verlag New York Inc.}
}

@inproceedings{caesar,
  title={nuScenes: A multimodal dataset for autonomous driving},
  author={Caesar, H. and Bankiti, V. and Lang, A. H. and Vora, S. and Liong, V. E. and Xu, Q. and Krishnan, A. and Pan, Y. and Baldan, G. and Beijbom, O.},
  booktitle={Proceedings of the IEEE Computer Society Conference on Computer Vision and Pattern Recognition (CVPR)},
  year={2020},
  pages={11618--11628},
  doi={10.48550/arXiv.1903.11027}
}

@article{cassidy,
  title={Unsignalized intersection capacity and level of service: Revisiting critical gap},
  author={Cassidy, M.J. and Madanat, S.M. and Wang, M. and Yang, F.},
  journal={Transportation Research Record},
  number={1484},
  pages={16--23},
  year={1995}
}

@article{chandler,
  title={Traffic Dynamics: Studies in Car Following},
  author={Chandler, R.E. and Herman, R. and Montroll, E.W.},
  journal={Operations Research},
  volume={6},
  number={2},
  pages={165--184},
  year={1958},
  doi={10.1287/opre.6.2.165}
}

@article{chang,
  title={Analysis on traffic stability and capacity for mixed traffic flow with platoons of intelligent connected vehicles},
  author={Chang, X. and Li, H. and Rong, J. and Zhao, X.},
  journal={Physica A: Statistical Mechanics and Its Applications},
  volume={557},
  pages={124829},
  year={2020},
  doi={10.1016/j.physa.2020.124829}
}

@inproceedings{chen,
  title={HMI Design for Autonomous Cars: Investigating on Driver’s Attention Distribution},
  author={Chen, W. and Liu, W.},
  booktitle={HCI in Mobility, Transport, and Automotive Systems},
  volume={11596},
  pages={92--102},
  year={2019},
  publisher={Springer},
  address={Cham},
  doi={10.1007/978-3-030-22666-4_7}
}

@article{cheng16,
  title={Drivers’ Visual Characteristics when Merging onto or Exiting an Urban Expressway},
  author={Cheng, Y. and Gao, L. and Zhao, Y. and Du, F.},
  journal={PLoS ONE},
  volume={11},
  number={9},
  pages={e0162298},
  year={2016},
  doi={10.1371/journal.pone.0162298}
}

@phdthesis{clavijo,
  title={Reconstrucción del Entorno del Vehículo para Guiado Autónomo en Entornos Complejos},
  author={Clavijo, M.},
  school={Tesis Doctoral. Universidad Politécnica de Madrid},
  year={2020},
  doi={10.20868/UPM.thesis.63384}
}

@phdthesis{cuenca,
  title={Minería de datos para la extracción de patrones de conducción y generación de modelos para conducción naturalista},
  author={Cuenca, L.G.},
  school={Tesis Doctoral. Universidad Europea de Madrid},
  year={2020},
  address={España}
}

@article{cunningham,
  title={Driver distraction and inattention in the realm of automated driving},
  author={Cunningham, M.L. and Regan, M.A.},
  journal={IET Intelligent Transport Systems},
  volume={12},
  number={6},
  pages={407--413},
  year={2018},
  doi={10.1049/iet-its.2017.0232}
}

@inproceedings{danaher,
  title={A Naturalistic Study of Vehicle Acceleration and Deceleration at an Intersection},
  author={Danaher, D. and McDonough, S. and Donaldson, D. and Cochran, R.},
  booktitle={SAE Technical Paper},
  year={2022},
  doi={10.4271}
}

@article{danner,
  title={The Effects of Displaying Availability Sections of a SAE Level 3 Automation on Acceptance, Usability, Workload and Task Performance in NDRAs},
  author={Danner, S. and Feierle, A. and Gary, S. and Bengler, K.},
  journal={Usability, Workload and Task Performance in NDRAs},
  year={2022},
  url={https://dx.doi.org/10.2139/ssrn.4040536}
}

@article{das,
  title={Adjustment of key lane change parameters to develop microsimulation models for representative assessment of safety and operational impacts of adverse weather using SHRP2 naturalistic driving data},
  author={Das, A. and Ahmed, M.M.},
  journal={Journal of Safety Research},
  volume={81},
  pages={9--20},
  year={2022},
  doi={10.1016/j.jsr.2022.01.002}
}

@mastersthesis{delafuente20,
  title={Sistema para la determinación de la dirección de la mirada del conductor y la identificación de elementos percibidos},
  author={De la Fuente, S.},
  school={Trabajo Fin de Grado. Universidad Politécnica de Madrid},
  year={2020}
}

@article{deldjoo,
  title={A Low-cost Infrared-optical Head Tracking Solution for Virtual 3D Audio Environment using the Nintendo Wii-Remote},
  author={Deldjoo, Y. and Atani, R.E.},
  journal={Entertainment Computing},
  volume={12},
  pages={9--27},
  year={2016},
  url={https://doi.org/10.1016/j.entcom.2015.10.005},
}

@article{deng,
  title={Prediction Performance of Lane Changing Behaviors: A Study of Combining Environmental and Eye-Tracking Data in a Driving Simulator},
  author={Deng, Q. and Wang, J. and Hillebrand, K. and Benjamin, C. R. and Soffker, D.},
  journal={IEEE Transactions on Intelligent Transportation Systems},
  volume={21},
  number={8},
  pages={3561--3570},
  year={2020},
  url={https://doi.org/10.1109/TITS.2019.2937287},
}

@book{department,
  title={The Official Highway Code},
  author={{Department for Transport of UK}},
  year={2015},
  publisher={{Stationery Office Books}},
  address={{United Kingdom}},
  isbn={978-0115528149},
}

@phdthesis{diaz,
  title={Modelado de comportamiento de conductores con técnicas de inteligencia computacional},
  author={Díaz-Álvarez, A.},
  year={2018},
  school={Tesis Doctoral. Universidad Politécnica de Madrid},
  address={{Madrid}},
  url={https://doi.org/10.20868/UPM.thesis.52110},
}

@article{drew,
  title={Gap acceptance in the freeway merging process},
  author={Drew, D. R. and LaMotte, L. R. and Buhr, J. H. and Wattleworth, J. A.},
  journal={Highway Research Record},
  volume={208},
  pages={1--36},
  year={1967},
}

@article{drexler,
  title={Handover Process of Autonomous Vehicles-technology and application challenges},
  author={Drexler, D. A. and Takács, A. and Nagy, T. D. and Haidegger, T.},
  journal={Acta Polytechnica Hungarica},
  volume={16},
  number={9},
  pages={235--255},
  year={2019},
  url={https://doi.org/10.12700/aph.16.9.2019.9.13},
}

@article{duan,
  title={Analysis of Driver’s Decision Distance and Merging Distance in Work Zone Area Based on Parametric Survival Models: With the Aid of a Driving Simulator Experiment},
  author={Duan, K. and Yan, X. and Li, X. and Hang, J. and Yang, J.},
  journal={Transportation Research Part F: Traffic Psychology and Behaviour},
  volume={71},
  pages={31--48},
  year={2020},
  url={https://doi.org/10.1016/j.trf.2020.03.017},
}

@article{edwards,
  title={The management of speed},
  author={Edwards, M. L. and Brackett, R. Q.},
  journal={Traffic Safety},
  year={1978},
  pages={18--30},
}

@article{endsley,
  title={Autonomous Driving Systems: A Preliminary Naturalistic Study of the Tesla Model S},
  author={Endsley, M. R.},
  journal={Journal of Cognitive Engineering and Decision Making},
  volume={11},
  number={3},
  pages={225--238},
  year={2017},
  doi={10.1177/1555343417695197},
}

@misc{energetica,
  title={Plan de Acción de Ahorro y Eficiencia Energética 2011-2020},
  author={IDAE},
  journal={2º Plan de Acción Nacional de Eficiencia Energética en España. Madrid},
  organization={{Instituto para la Diversificación y Ahorro de la Energía}},
  address={{Madrid}},
  year={2021}
}

@misc{european,
  title={Commission Recommendation of 26 May 2008 on safe and efficient in-vehicle information and communication systems: update of the European Statement of Principles on human-machine interface},
  author={{European Commission}},
  journal={Official Journal of the European Union},
  number={{2008/653/EC}},
  year={2008},
}

@article{fan,
  title={Computer Stereo Vision for Autonomous Driving},
  author={Fan, R. and Wang, L. and Bocus, M. J. and Pitas, I.},
  journal={ArXiv: 2020},
  volume={201},
  pages={314--321},
  doi={10.48550/arXiv.2012.03194},
  year = {2020}
}

@article{favaro,
  title={Examining accident reports involving autonomous vehicles in California},
  author={Favarò, F. M. and Nader, N. and Eurich, S. O. and Tripp, M. and Varadaraju, N.},
  journal={PLoS one},
  volume={12},
  number={9},
  pages={e0184952},
  year={2017},
  doi={10.1371/journal.pone.0184952},
}

@article{feldstein,
  title={Infrared-Based In-Vehicle Head-Tracking},
  author={Feldstein, I. and Guentner, A. and Bengler, K.},
  journal={Procedia Manufacturing},
  volume={3},
  pages={829--836},
  year={2015},
  doi={10.1016/j.promfg.2015.07.338}
}

@article{forster,
  title={Learning to use automation: Behavioral changes in interaction with automated driving systems},
  author={Forster, Y. and Hergeth, S. and Naujoks, F. and Beggiato, M. and Krems, J. F. and Keinath, A.},
  journal={Transportation research part F: Traffic Psychology and Behaviour},
  volume={62},
  pages={599--614},
  year={2019},
  doi={10.1016/j.trf.2019.02.013},
}

@article{fu,
  title={Human-like car-following model for autonomous vehicles considering the cut-in behavior of other vehicles in mixed traffic},
  author={Fu, R. and Li, Z. and Sun, Q. and Wang, C.},
  journal={Accident Analysis \& Prevention},
  volume={132},
  pages={105260},
  year={2019},
  doi={10.1016/j.aap.2019.105260},
}


@article{gallelli,
  title={Effects of calibration process on the simulation of rear-end conflicts at roundabouts},
  author={Gallelli, V. and Guido, G. and Vitale, A. and Vaiana, R.},
  journal={Journal of Traffic and Transportation Engineering (English Edition)},
  volume={6},
  number={2},
  pages={175--184},
  year={2019},
  issn={2095-7564},
  doi={10.1016/j.jtte.2018.03.006},
}

@techreport{gartner,
  title={Traffic Flow Theory - A State-of-the-Art Report: Revised Monograph on Traffic Flow Theory},
  author={Gartner, N.H. and Messer, C.J. and Rathi, A.K.},
  institution={Turner-Fairbank Highway Research Center},
  year={2002},
}

@article{gazis,
  title={Car-Following Theory of Steady-State Traffic Flow},
  author={Gazis, D. C. and Herman, R. and Potts, R. B.},
  journal={Operations Research},
  volume={7},
  number={4},
  pages={499--505},
  year={1959},
  doi={10.1287/opre.7.4.499},
}

@article{gehrig,
  title={DSEC: A Stereo Event Camera Dataset for Driving Scenarios},
  author={Gehrig, M. and Aarents, W. and Gehrig, D. and Scaramuzza, D.},
  journal={IEEE Robotics and Automation Letters},
  volume={6},
  number={3},
  pages={4947--4954},
  year={2021},
  doi={10.48550/arXiv.2103.06011}
}

@article{ghanipoor,
  title={Implications of a Narrow Automated Vehicle-Exclusive Lane on Interstate 15 Express Lanes},
  author={Ghanipoor, S. and Ahmadi, A. and Musial, W. and Katthe, A. and Melendez, B. and Jahangiri, A.},
  journal={Journal of Advanced Transportation},
  volume={2021},
  pages={1--15},
  year={2021},
  doi={10.1155/2021/6617205},
}

@article{gipps,
  title={A model for the structure of lane-changing decisions},
  author={Gipps, P. G.},
  journal={Transportation Research Part B},
  volume={20},
  number={5},
  pages={403--414},
  year={1986},
  doi={10.1016/0191-2615(86)90012-3},
}

@article{goncalves,
  title={The effect of information from dash-based human-machine interfaces on drivers' gaze patterns and lane-change manoeuvres after conditionally automated driving},
  author={Gon{\c{c}}alves, R. C. and Louw, T. L. and Madigan, R. and Quaresma, M. and Romano, R. and Merat, N.},
  journal={Accident Analysis \& Prevention},
  volume={174},
  pages={106726},
  year={2022},
  doi={10.1016/j.aap.2022.106726},
}


@article{green,
  title={``How long does it take to stop?'' Methodological analysis of driver perception-brake times},
  author={Green, M.},
  journal={Transportation human factors},
  volume={2},
  number={3},
  pages={195--216},
  year={2000},
  doi={10.1207/STHF0203_1},
}

@article{greenshields,
  title={Reaction time in automobile driving},
  author={Greenshields, B. D.},
  journal={Journal of Applied Psychology},
  volume={20},
  number={3},
  pages={353--358},
  year={1936},
  url={https://psycnet.apa.org/doi/10.1037/h0063672},
}

@article{gu,
  title={Utilizing UAV video data for in-depth analysis of drivers' crash risk at interchange merging areas},
  author={Gu, X. and Abdel-Aty, M. and Xiang, Q. and Cai, Q. and Yuan, J.},
  journal={Accident Analysis \& Prevention},
  volume={123},
  pages={159--169},
  year={2019},
  doi={10.1016/j.aap.2018.11.010},
}

@article{guan,
  title={Markov probabilistic decision making of self-driving cars in highway with random traffic flow: a simulation study},
  author={Guan, Y. and Li, S.E. and Duan, J. and Wang, W. and Cheng, B.},
  journal={Journal of Intelligent and Connected Vehicles},
  volume={1},
  number={2},
  pages={77--84},
  year={2018},
  doi={10.1108/JICV-01-2018-0003},
}

@article{halati,
  title={CORSIM—Corridor traffic simulation model},
  author={Halati, A. and Lieu, H. and Walker, S.},
  journal={Traffic Congestion and Traffic Safety in the 21st Century},
  pages={570--576},
  year={1997},
}

@article{hang,
  title={An improved automated braking system for rear-end collisions: a study based on a driving simulator experiment},
  author={Hang, J. and Yan, X. and Li, X. and Duan, K. and Yang, J. and Xue, Q.},
  journal={Journal of safety research},
  volume={80},
  pages={416--427},
  year={2022},
  doi={10.1016/j.jsr.2021.12.023},
}

@article{hart,
  title={Development of NASA-TLX (Task Load Index): Results of Empirical and Theoretical Research},
  author={Hart, S. G. and Staveland, L. E.},
  journal={Advances in Psychology},
  volume={52},
  pages={139--183},
  year={1988},
  doi={10.1016/S0166-4115(08)62386-9},
}

@article{harvey,
  title={In-Vehicle Information Systems to Meet the Needs of Drivers},
  author={Harvey, C. and Stanton, N. A. and Pickering, C. A. and McDonald, M. and Zheng, P.},
  journal={International Journal of Human--Computer Interaction},
  volume={27},
  number={6},
  pages={505--522},
  year={2011},
  doi={10.1080/10447318.2011.555296},
}

@article{hayward,
  title={Near-miss determination through use of a scale of danger},
  author={Hayward, J.C.},
  journal={Highway Research Record},
  volume={384},
  pages={24--34},
  year={1972},
}
@article{he,
  title={Calibrating car-following models on urban streets using naturalistic driving data},
  author={He, L. and Wang, X.},
  journal={Journal of transportation engineering, Part A: Systems},
  volume={149},
  number={4},
  pages={04023011},
  year={2023},
  doi={10.1061/JTEPBS.0000745},
}

@article{hensch,
  title={Effects of secondary tasks and display position on glance behavior during partially automated driving},
  author={Hensch, A. C. and Rauh, N. and Schmidt, C. and Hergeth, S. and Naujoks, F. and Krems, J. F. and Keinath, A.},
  journal={Transportation research part F: traffic psychology and behaviour},
  volume={68},
  pages={23--32},
  year={2020},
  doi={10.1016/j.trf.2019.11.014},
}

@article{herman59,
  title={Traffic dynamics: analysis of stability in car following},
  author={Herman, R. and Montroll, E. W. and Potts, R. B. and Rothery, R. W.},
  journal={Operations Research},
  volume={7},
  number={1},
  pages={86--106},
  year={1959},
  doi={10.1287/opre.7.1.86},
}

@article{herman61,
  title={Comments on the highway crossing problem},
  author={Herman, R. and Weiss, G. H.},
  journal={Operations Research},
  volume={9},
  pages={838--840},
  year={1961},
  doi={10.1287/opre.9.6.828}
}

@article{hidas,
  title={Modelling lane changing and merging in microscopic traffic simulation},
  author={Hidas, Peter},
  journal={Transportation Research Part C: Emerging Technologies},
  volume={10},
  number={5-6},
  pages={351--371},
  year={2002},
  publisher={Elsevier},
  doi={10.1016/S0968-090X(02)00026-8}
}

@article{ho,
  title={Assessing the effectiveness of “intuitive” vibrotactile warning signals in preventing front-to-rear-end collisions in a driving simulator},
  author={Ho, C. and Reed, N. and Spence, C.},
  journal={Accident Analysis \& Prevention},
  volume={38},
  number={5},
  pages={988--996},
  year={2006},
  doi={10.1016/j.aap.2006.04.002},
}

@book{hole,
  title={The psychology of driving},
  author={Hole, G. J.},
  publisher={Psychology Press, Taylor \& Francis Group},
  year={2014},
  isbn={0-8058-4425-2},
  doi={10.4324/9781315805627},
}

@inproceedings{holmqvist,
  title={Eye tracker data quality: What it is and how to measure it},
  author={Holmqvist, K. and Nystr{\"o}m, M. and Mulvey, F.},
  booktitle={Proceedings of the Symposium on Eye Tracking Research and Applications (ETRA '12)},
  pages={45--52},
  year={2012},
  doi={10.1145/2168556.2168563},
}

@article{hooper,
  title={Driver perception-reaction time: Are revisions to current specification values in order?},
  author={Hooper, K. G. and McGee, H. W.},
  journal={Transportation Research Board},
  volume={904},
  pages={30--32},
  year={1983},
}

@article{hsieh,
  title={Adaptive Driving Assistant Model (ADAM) for advising drivers of autonomous vehicles},
  author={Hsieh, S. J. and Wang, A. R. and Madison, A. and Tossell, C. and de Visser, E.},
  journal={ACM Transactions on Interactive Intelligent Systems (TiiS)},
  volume={12},
  number={3},
  pages={1--28},
  year={2022},
  doi={10.1145/3545994},
}

@misc{irc,
  title={Recommended Practice for Sight Distance on Rural Highways},
  author={IRC-66--1976},
  year={1976},
  howpublished={New Delhi, India: Indian Roads Congress},
}

@inproceedings{jenssen,
  title={Accidents with Automated Vehicles-Do self-driving cars need a better sense of self},
  author={Jenssen, G. D. and Moen, T. and Johnsen, S. O.},
  booktitle={Proceedings of the 26th ITS World Congress, Singapore},
  year={2019},
  pages={21--25},
}

@article{jeong,
  title={Is vehicle automation enough to prevent crashes? Role of traffic operations in automated driving environments for traffic safety},
  author={Jeong, E. and Oh, C. and Lee, S.},
  journal={Accident Analysis \& Prevention},
  volume={104},
  pages={115--124},
  year={2017},
  doi={10.1016/j.aap.2017.05.002},
}

@article{jimenez12,
  title={Adapting ISA System Warnings to Enhance User Acceptance},
  author={Jim{\'e}nez, F. and Liang, Y. and Aparicio, F.},
  journal={Accident Analysis and Prevention},
  volume={48},
  pages={37--48},
  year={2012},
  doi={10.1016/j.aap.2010.05.017},
}

@article{jimenez16,
  title={Intravehicular, Short- and Long-Range Communication Information Fusion for Providing Safe Speed Warnings},
  author={Jim{\'e}nez, F. and Naranjo, J. E. and Serradilla, F. and P{\'e}rez, E. and Hern{\'a}ndez Lloreda, M. J. and Ruiz, T. and Anaya, J. J. and D{\'i}az-Álvarez, A.},
  journal={Sensors (Switzerland)},
  volume={16},
  number={1},
  pages={131--145},
  year={2016},
  doi={10.3390/s16010131},
}

@incollection{jimenez17,
  title={Human Factors},
  author={Jimenez, F.},
  booktitle={Intelligent Vehicles: Enabling technologies and future developments},
  pages={345--394},
  year={2017},
  publisher={Butterworth-Heinemann},
}

@article{jimenez18,
  title={Communications and driver monitoring aids for fostering SAE level-4 road vehicles automation},
  author={Jim{\'e}nez, F. and Naranjo, J. E. and Sanchez-Mateo, S. and Serradilla, F. and P{\'e}rez, E. and Hern{\'a}ndez, M. J. and Ruiz, T.},
  journal={Electronics},
  volume={7},
  number={10},
  pages={228},
  year={2018},
  doi={10.3390/electronics7100228},
}

@article{johansson,
  author = {Johansson, Gunnar and Rumar, K.},
  title = {Drivers' brake reaction times},
  journal = {Human factors},
  volume = {13},
  number = {1},
  pages = {23--27},
  year = {1971},
  doi = {10.1177/001872087101300104}
}

@article{kang,
  author = {Kang, Keshuang and Rakha, Hesham},
  title = {Modeling Driver Merging Behavior: A Repeated Game Theoretical Approach},
  journal = {Transportation Research Record},
  volume = {2672},
  number = {20},
  pages = {144--153},
  year = {2018},
  doi = {10.1177/0361198118792982}
}

@article{karbalaieali,
  title={A dynamic adaptive algorithm for merging into platoons in connected automated environments},
  author={Karbalaieali, S. and Osman, O. A. and Ishak, S.},
  journal={IEEE Transactions on Intelligent Transportation Systems},
  volume={21},
  number={10},
  pages={4111--4122},
  year={2019},
  doi={10.1109/TITS.2019.2938728}
}

@inproceedings{kemsaram,
  author = {Kemsaram, Nuttapong and Das, Ashesh and Dubbelman, Gijs},
  title = {A Stereo Perception Framework for Autonomous Vehicles},
  booktitle = {IEEE Vehicular Technology Conference},
  year = {2020},
  doi = {10.1109/VTC2020-Spring48590.2020.9128899}
}

@article{kilicarslan,
  author = {Kilicarslan, Mehmet and Zheng, J. Y.},
  title = {Predict Vehicle Collision by TTC from Motion Using a Single Video Camera},
  journal = {IEEE Transactions on Intelligent Transportation Systems},
  volume = {20},
  number = {2},
  pages = {522--533},
  year = {2019},
  doi = {10.1109/TITS.2018.2819827}
}

@inproceedings{kim,
  author = {Kim, Jaewon and Han, Dae-Shik and Senouci, Boumediene},
  title = {Radar and Vision Sensor Fusion for Object Detection in Autonomous Vehicle Surroundings},
  booktitle = {2018 Tenth International Conference on Ubiquitous and Future Networks (ICUFN)},
  year = {2018},
  pages = {76--78},
  doi = {10.1109/ICUFN.2018.8436959}
}

@article{kong,
  author = {Kong, Xiaoyu and Das, Suman and Jha, Kshitij and Zhang, Yanzhi},
  title = {Understanding speeding behavior from naturalistic driving data: Applying classification based association rule mining},
  journal = {Accident Analysis \& Prevention},
  volume = {144},
  pages = {105620},
  year = {2020},
  doi = {10.1016/j.aap.2020.105620}
}

@inproceedings{langner,
  author = {Langner, T. and Seifert, D. and Fischer, B. and Goehring, D. and Ganjineh, T. and Rojas, R.},
  title = {Traffic awareness driver assistance based on stereovision, eye-tracking, and head-up display},
  booktitle = {IEEE International Conference on Robotics and Automation (ICRA)},
  year = {2016},
  pages = {3167--3173},
  doi = {10.1109/ICRA.2016.7487485}
}

@article{lappi,
  author = {Lappi, Otto and Rinkkala, Pekka and Pekkanen, Juha},
  title = {Systematic observation of an expert driver’s gaze strategy—An on-road case study},
  journal = {Frontiers in Psychology},
  volume = {8},
  number = {620},
  year = {2017},
  doi = {10.3389/fpsyg.2017.00620}
}

@inproceedings{lee19,
  author = {Lee, Jaewoo and Hirano, Toshio and Hano, Tadashi and Itoh, Makoto},
  title = {Conversation during Partially Automated Driving: How Attention Arousal is Effective on Maintaining Situation Awareness},
  booktitle = {2019 IEEE International Conference on Systems, Man and Cybernetics (SMC)},
  year = {2019},
  pages = {3718--3723}  
}

@techreport{lee04,
  author = {Lee, S. E. and Olsen, E. C. and Wierwille, W. W.},
  title = {A comprehensive examination of naturalistic lane-changes},
  number = {FHWA-JPO-04-092},
  institution = {United States. National Highway Traffic Safety Administration},
  year = {2004}
}

@article{lemonnier,
  author = {Lemonnier, S{\'e}verine and Br{\'e}mond, Roland and Baccino, Thierry},
  title = {Discriminating Cognitive Processes with Eye Movements in a Decision-Making Driving Task},
  journal = {Journal of Eye Movement Research},
  volume = {7},
  number = {4},
  pages = {1--14},
  year = {2014},
  doi = {10.16910/jemr.7.4.3}
}

@article{li22a,
  author = {Li, Hongliang and Zhang, Jun and Liu, Zhenyu and Gong, Jingru and Zhao, Xuesong},
  title = {Impact of Secondary Task Immersion Duration on Take-Over Process of Conditional (L3) Automated Vehicles in an Off-Ramp Area},
  journal = {Transportation Research Record},
  volume = {2676},
  number = {7},
  pages = {32--45},
  year = {2022a},
  doi = {10.1177/03611981221076442}
}

@inproceedings{li19,
  author = {Li, M. and Holthausen, Bastian E. and Stuck, Robert E. and Walker, Bruce N.},
  title = {No risk no trust: Investigating perceived risk in highly automated driving},
  booktitle = {Proceedings of the 11th International Conference on Automotive User Interfaces and Interactive Vehicular Applications},
  year = {2019},
  pages = {177--185},
  doi = {10.1145/3342197.3344525}
}

@article{li07,
  author = {Li, Stan Z. and Chu, Regina and Liao, Sheng and Zhang, Li},
  title = {Illumination Invariant Face Recognition Using Near-Infrared Images},
  journal = {IEEE Transactions on Pattern Analysis and Machine Intelligence},
  volume = {29},
  number = {4},
  pages = {627--639},
  year = {2007},
  doi = {10.1109/TPAMI.2007.1014}
}

@article{li21a,
  author = {Li, Tao and Chen, Dongxi and Zhou, Huaxiong and Laval, Jacques and Xie, Youbai},
  title = {Car-following behavior characteristics of adaptive cruise control vehicles based on empirical experiments},
  journal = {Transportation Research Part B: Methodological},
  volume = {147},
  pages = {67--91},
  year = {2021a},
  doi = {10.1016/j.trb.2021.03.003}
}

@inproceedings{li16,
  title={A vehicular collision warning algorithm based on the time-to-collision estimation under connected environment},
  author={Li, Y. and Zhang, L. and Song, Y.},
  booktitle={14th International Conference on Control, Automation, Robotics and Vision (ICARCV)},
  pages={1--4},
  year={2016},
  doi={10.1109/ICARCV.2016.7838789}
}


@article{li21b,
  author = {Li, Zeyu and Guo, Peng and Song, Cong},
  title = {A Review of Main Eye Movement Tracking Methods},
  journal = {Journal of Physics: Conference Series},
  volume = {1802},
  number = {4},
  year = {2021b},
  doi = {10.1088/1742-6596/1802/4/042066}
}

@article{li22b,
  author = {Li, Zeyu and Huang, Xin and Mu, Tao and Wang, Jing},
  title = {Attention-Based Lane Change and Crash Risk Prediction Model in Highways},
  journal = {IEEE Transactions on Intelligent Transportation Systems},
  volume = {2},
  number = {12},
  pages = {22909--22922},
  year = {2022b},
  doi = {10.1109/TITS.2022.3193682}
}

@article{liang,
  author = {Liang, Nan and Yang, Jie and Yu, Dan and Prakah-Asante, Kwaku O. and Curry, Robert and Blommer, Matthew and Swaminathan, Ravi and Pitts, Brad J.},
  title = {Using eye-tracking to investigate the effects of pre-takeover visual engagement on situation awareness during automated driving},
  journal = {Accident Analysis and Prevention},
  volume = {157},
  year = {2021},
  doi = {10.1016/j.aap.2021.106143}
}

@article{liao,
  author = {Liao, Xintao and Wang, Zhiyong and Zhao, Xiaomei and Han, Ke and Tiwari, Pravin and Barth, Matthew and Wu, Guoyuan},
  title = {Cooperative Ramp Merging Design and Field Implementation: A Digital Twin Approach Based on Vehicle-to-Cloud Communication},
  journal = {IEEE Transactions on Intelligent Transportation Systems},
  volume = {23},
  number = {5},
  pages = {4490--4500},
  year = {2021},
  doi = {10.1109/TITS.2020.3045123}
}

@article{lin,
  author = {Lin, Mingxiu and Lee, Kwan-Ho},
  title = {Outdoor Target Positioning using Wii Remote IR Camera and Signal Modulation},
  journal = {Sensors},
  volume = {20},
  number = {8},
  pages = {1--14},
  year = {2020},
  doi = {10.3390/s20082163}
}

@inproceedings{longo,
  author = {Longo, Luigi},
  title = {On the Reliability, Validity and Sensitivity of Three Mental Workload Assessment Techniques for the Evaluation of Instructional Designs: A Case Study in a Third-level Course},
  booktitle = {Proceedings of the 10th International Conference on Computer Supported Education},
  year = {2018},
  pages = {166--178},
  doi = {10.5220/0006801801660178}
}

@article{luo,
  title={Gamma: A general agent motion model for autonomous driving},
  author={Luo, Y. and Cai, P. and Lee, Y. and Hsu, D.},
  journal={IEEE Robotics and Automation Letters},
  volume={7},
  number={2},
  pages={3499--3506},
  year={2022},
  doi={10.1109/LRA.2022.3144501}
}

@article{lyu,
  author = {Lyu, Ningjie and Wang, Yinhai and Wu, Chenzhu and Peng, Lei and Thomas, Alex F.},
  title = {Using naturalistic driving data to identify driving style based on longitudinal driving operation conditions},
  journal = {Journal of Intelligent and Connected Vehicles},
  volume = {5},
  number = {1},
  pages = {17--35},
  year = {2022},
  doi = {10.1108/JICV-07-2021-0008}
}

@article{ma,
  author = {Ma, Ke and Wang, Hao},
  title = {Influence of exclusive lanes for connected and autonomous vehicles on freeway traffic flow},
  journal = {IEEE Access},
  volume = {7},
  pages = {50168--50178},
  year = {2019},
  doi = {10.1109/ACCESS.2019.2910833}
}

@article{madanat,
  author = {Madanat, Samer M. and Cassidy, Michael J. and Wang, Ming-Heng},
  title = {A probabilistic model of queuing delay at stop controlled intersection approaches},
  journal = {ASCE Journal of Transportation Engineering},
  volume = {120},
  number = {1},
  pages = {21--36},
  year = {1994},
  doi = {10.1061/(ASCE)0733-947X(1994)120:1(21)}
}

@article{mahmassani,
  author = {Mahmassani, Hani and Sheffi, Yosef},
  title = {Using gap sequences to estimate gap acceptance functions},
  journal = {Transportation Research Part B: Methodological},
  volume = {15},
  number = {3},
  pages = {143--148},
  year = {1981},
  doi = {10.1016/0191-2615(81)90001-1}
}

@article{marczak,
  author = {Marczak, Falko and Daamen, Winnie and Buisson, Christine},
  title = {Merging behaviour: Empirical comparison between two sites and new theory development},
  journal = {Transportation Research Part C: Emerging Technologies},
  volume = {36},
  pages = {530--546},
  year = {2013},
  doi = {10.1016/j.trc.2013.07.007}
}

@article{matthews,
  author = {Matthews, Gerald and Neubauer, Christian and Saxby, David J. and Wohleber, Ryan W. and Lin, Jibo},
  title = {Dangerous Intersections? A Review of Studies of Fatigue and Distraction in the Automated Vehicle},
  journal = {Accident Analysis and Prevention},
  volume = {126},
  pages = {85--94},
  year = {2019},
  doi = {10.1016/j.aap.2018.04.004}
}

@article{mclaughlin,
  author = {McLaughlin, Shane B. and Hankey, Jonathan M. and Dingus, Thomas A.},
  title = {A method for evaluating collision avoidance systems using naturalistic driving data},
  journal = {Accident Analysis \& Prevention},
  volume = {40},
  number = {1},
  pages = {8--16},
  year = {2008},
  doi = {10.1016/j.aap.2007.03.016}
}

@article{mcwilliams,
  author = {McWilliams, Tom and Ward, Nicholas},
  title = {Underload on the Road: Measuring Vigilance Decrements During Partially Automated Driving},
  journal = {Frontiers in Psychology},
  volume = {12},
  year = {2021},
  doi = {10.3389/fpsyg.2021.631364}
}


@article{mendez,
  author = {Mendez, J. and Molina, M. and Rodriguez, N. and Cuellar, M. P. and Morales, D. P.},
  title = {Camera-lidar multi-level sensor fusion for target detection at the network edge},
  journal = {Sensors},
  volume = {21},
  number = {12},
  pages = {1--14},
  year = {2021},
  doi = {10.3390/s21123992}
}

@article{merlhiot,
  author = {Merlhiot, G. and Bueno, M.},
  title = {How drowsiness and distraction can interfere with take-over performance: A systematic and meta-analysis review},
  journal = {Accident Analysis and Prevention},
  volume = {170},
  pages = {106536},
  year = {2022},
  doi = {10.1016/j.aap.2021.106536}
}

@inproceedings{michaels,
  author = {Michaels, Robert M.},
  title = {Perceptual Factors in Car Following},
  booktitle = {Proceedings of the 2nd International Symposium on the Theory of Road Traffic Flow},
  year = {1963},
  pages = {44--59},
  address = {Paris}
}

@incollection{michon,
  author = {Michon, J.},
  title = {A critical view of driver behavior models: what do we know, what should we do?},
  booktitle = {Human Behavior and Traffic Safety},
  editor = {Evans, L. and Schwing, R.},
  year = {1985},
  publisher = {Springer},
  isbn = {978-1-4612-9280-7},
  doi = {10.1007/978-1-4613-2173-6_19}
}

@inproceedings{miller,
  author = {Miller, A. J.},
  title = {Nine estimators of gap-acceptance parameters},
  booktitle = {Proceedings of the 5th International Symposium on the Theory of Traffic Flow},
  year = {1971},
  pages = {215--235}
}
@inproceedings{monsalve,
  author = {Monsalve, B. and Puertas, E. and Fernández, J. and Aliane, N.},
  title = {Using wearable devices in naturalistic driving to analyze brain activity in roundabout maneuvers},
  booktitle = {2018 IEEE International Conference on Vehicular Electronics and Safety (ICVES)},
  pages = {1--6},
  year = {2018},
  doi = {10.1109/ICVES.2018.8519500}
}

@manual{mopu,
  author = {{MOPU}},
  title = {Trazado. Instrucción de carreteras. Norma 3.1-IC},
  organization = {Centro de publicaciones del Ministerio de Fomento. Dirección General de Carreteras},
  address = {Madrid},
  year = {2000}
}

@article{morales,
  author = {Morales-Alvarez, W. and Sipele, O. and Léberon, R. and Tadjine, H. H. and Olaverri-Monreal, C.},
  title = {Automated driving: A literature review of the take over request in conditional automation},
  journal = {Electronics},
  volume = {9},
  number = {12},
  pages = {2087},
  year = {2020},
  doi = {10.3390/electronics9122087}
}

@article{morando,
  author = {Morando, A. and Gershon, P. and Mehler, B. and Reimer, B.},
  title = {A model for naturalistic glance behavior around Tesla Autopilot disengagements},
  journal = {Accident Analysis \& Prevention},
  volume = {161},
  pages = {106348},
  year = {2021},
  doi = {10.1016/j.aap.2021.106348}
}

@inproceedings{murphy08,
  author = {Murphy-Chutorian, E. and Trivedi, M. M.},
  title = {{HyHOPE}: Hybrid Head Orientation and Position Estimation for vision-based driver head tracking},
  booktitle = {2008 IEEE Intelligent Vehicles Symposium},
  pages = {512--517},
  year = {2008},
  doi = {10.1109/IVS.2008.4621320}
}

@article{murphy09,
  author = {Murphy-Chutorian, E. and Trivedi, M. M.},
  title = {Head Pose Estimation in Computer Vision: A survey},
  journal = {IEEE Transactions on Pattern Analysis and Machine Intelligence},
  volume = {31},
  number = {4},
  pages = {607--626},
  year = {2009},
  doi = {10.1109/TPAMI.2008.106}
}

@inproceedings{murthy,
  author = {Murthy, L. and Mukhopadhyay, A. and Yellheti, V. and Arjun, S. and Thomas, P. and Babu, M. D. and Saluja, K. P. S. and JeevithaShree, D. and Biswas, P.},
  title = {Eye Gaze Controlled Interfaces for Head Mounted and Multi-Functional Displays in Military Aviation Environment},
  booktitle = {IEEE Aerospace Conference},
  pages = {1--17},
  year = {2020},
  doi = {10.48550/arXiv.2005.13600}
}

@manual{nhtsa18,
  author = {{National Highway Traffic Safety Administration}},
  title = {Critical Reasons for Crashes Investigated in the National Motor Vehicle Crash Causation Survey},
  organization = {National Highway Traffic Safety Administration, U.S. Department of Transportation},
  type = {Report},
  number = {DOT HS 812 506},
  year = {2018},
}

@manual{nhtsa22a,
  author = {{National Highway Traffic Safety Administration}},
  title = {Standing General Order on Crash Reporting for Level 2 Advanced Driver Assistance Systems},
  organization = {National Highway Traffic Safety Administration, U.S. Department of Transportation},
  type = {Report},
  number = {DOT HS 813 325},
  year = {2022a},
}

@manual{nhtsa22b,
  author = {{National Highway Traffic Safety Administration}},
  title = {Standing General Order on Crash Reporting for Automated Driving Systems},
  organization = {National Highway Traffic Safety Administration, U.S. Department of Transportation},
  type = {Report},
  number = {DOT HS 813 324},
  year = {2022b},
}

@article{naujoks16,
  author = {Naujoks, F. and Purucker, C. and Neukum, A.},
  title = {Secondary Task Engagement and Vehicle Automation - Comparing the Effects of Different Automation Levels in an On-Road Experiment},
  journal = {Transportation Research Part F: Traffic Psychology and Behaviour},
  volume = {38},
  pages = {67--82},
  year = {2016},
  doi = {10.1016/j.trf.2016.01.011}
}

@article{naujoks18,
  author = {Naujoks, F. and Höfling, S. and Purucker, C. and Zeeb, K.},
  title = {From partial and high automation to manual driving: Relationship between non-driving related tasks, drowsiness and take-over performance},
  journal = {Accident Analysis \& Prevention},
  volume = {121},
  pages = {28--42},
  year = {2018},
  doi = {10.1016/j.aap.2018.08.018},
}

@inproceedings{neale,
  author = {Neale, V. and Dingus, T. and Klauer, S. and Sudweeks, J.},
  title = {An overview of the 100-car naturalistic study and findings},
  booktitle = {Proceedings 19th International Technical Conference on the Enhanced Safety Vehicles},
  organization = {National Highway Traffic Safety Administration, DOT HS 809 825},
  year = {2005},
}

@article{newell,
  author = {Newell, G. F.},
  title = {Nonlinear Effects in the Dynamics of Car Following},
  journal = {Operations Research},
  volume = {9},
  number = {2},
  pages = {209--229},
  year = {1961},
  doi = {10.1287/opre.9.2.209},
}

@article{nickkar,
  author = {Nickkar, A. and Lee, Y. J.},
  title = {Evaluation of dedicated lanes for automated vehicles at roundabouts with various flow patterns},
  journal = {arXiv preprint arXiv:1904.07025},
  year = {2019},
  doi = {10.48550/arXiv.1904.07025},
}

@article{olson,
  author = {Olson, P. L.},
  title = {Driver perception response time},
  journal = {SAE transactions},
  number = {890731},
  volume = {98},
  issue = {6},
  pages = {851--861},
  year = {1989},
  url = {10.48550/arXiv.1904.07025},
}

@techreport{olstam,
  author = {Olstam, J. J. and Tapani, A.},
  title = {Comparison of Car-Following Models},
  institution = {Swedish National Road and Transport Research Institute (VTI)},
  address = {Linköping, Sweden},
  year = {2004},
  issn = {0347-6030},
}

@misc{opentrack,
  title = {Opentrack},
  year = {2017},
  howpublished = {\url{https://github.com/opentrack/}},
  note = {Consultado el 16-02-2020},
}

@article{orosz,
  author = {Orosz, G. and Wilson, R. E. and Krauskopf, B.},
  title = {Global bifurcation investigation of an optimal velocity traffic model with driver reaction time},
  journal = {Physical Review E},
  volume = {70},
  number = {2},
  pages = {026207},
  year = {2004},
  doi = {10.1103/PhysRevE.70.026207},
}


@article{pakzadnia,
  author = {Pakzadnia, A. and Hassan, Y.},
  title = {Expected Safety Performance of Different Freeway Merging Strategies in an Environment of Mixed Vehicle Technologies},
  journal = {Journal of Transportation Engineering, Part A: Systems},
  volume = {149},
  number = {2},
  pages = {04022143},
  year = {2023},
  doi = {10.1061/JTEPBS.TEENG-7280},
}

@article{papadoulis,
  author = {Papadoulis, A. and Quddus, M. and Imprialou, M.},
  title = {Evaluating the safety impact of connected and autonomous vehicles on motorways},
  journal = {Accident Analysis and Prevention},
  volume = {124},
  pages = {12--22},
  year = {2019},
  doi = {10.1016/j.aap.2018.12.019},
}

@article{papis,
  author = {Papis, M. and Jastrzębski, D. and Kopyt, A. and Matyjewski, M. and Mirosław, M.},
  title = {Driver Reliability and Behavior Study Based on a Car Simulator Station Tests in ACC System Scenarios},
  journal = {Eksploatacja i Niezawodnosc; - Maintenance and Reliability},
  volume = {21},
  number = {3},
  pages = {511--521},
  year = {2019},
  doi = {10.17531/ein.2019.3.18},
}

@article{park,
  author = {Park, S. and Lim, W. and Sunwoo, M.},
  title = {Robust Lane-Change Recognition Based on an Adaptive Hidden Markov Model Using Measurement Uncertainty},
  journal = {International Journal of Automotive Technology},
  volume = {20},
  pages = {255--263},
  year = {2019},
  doi = {10.1007/s12239-019-0025-8},
}

@article{paschalidis,
  author = {Paschalidis, E. and Choudhury, C. F. and Hess, S.},
  title = {Modelling the effects of stress on gap-acceptance decisions combining data from driving simulator and physiological sensors},
  journal = {Transportation Research Part F: Traffic Psychology and Behaviour},
  volume = {59},
  pages = {418--435},
  year = {2018},
  doi = {10.1016/j.trf.2018.09.019},
}

@article{pauzie,
  author = {Pauzié, A.},
  title = {Evaluation of the Driver's Mental Workload: A Necessity in a Perspective of in-Vehicle System Design for Road Safety Improvement},
  journal = {Cognition, Technology and Work},
  volume = {16},
  pages = {299--302},
  year = {2014},
  doi = {10.1007/s10111-014-0276-0},
}

@inproceedings{pavlik,
  author = {Pavlik, R. A. and Vance, J. M.},
  title = {A Modular Implementation of Wii Remote Head Tracking for Virtual Reality},
  booktitle = {Mechanical Engineering Conference Presentations, Papers, and Proceedings},
  number = {59},
  year = {2010},
  doi = {10.1115/WINVR2010-3771},
}

@inproceedings{pereira,
  author = {Pereira, E. and Costa, S. and Costa, N. and Arezes, P.},
  title = {Weighing the Importance of Drivers' Workload Measurement Standardization},
  booktitle = {Intelligent Human Systems Integration 2019. IHSI 2019. Advances in Intelligent Systems and Computing, AISC},
  number = {903},
  publisher = {Springer Cham},
  year = {2019},
  isbn = {978-3-030-11050-5},
  doi = {10.1007/978-3-030-11051-2_13},
}

@article{perezmoreno,
  author = {Pérez-Moreno, E. and Hernández-Lloreda, M. J. and Ruiz-Gallego-Largo, T. and Castellanos, M. A.},
  title = {Impulsive Driving: Definition and Measurement Using the I-Driving Scale (IDS)},
  journal = {The Spanish Journal of Psychology},
  volume = {18},
  pages = {E93},
  year = {2015},
  doi = {10.1017/sjp.2015.98},
}

@article{petrovic,
  author = {Petrović, Đ. and Mijailović, R. and Pešić, D.},
  title = {Traffic Accidents with Autonomous Vehicles: Type of Collisions, Manoeuvres and Errors of Conventional Vehicles' Drivers},
  journal = {Transportation Research Procedia},
  volume = {45},
  pages = {161--168},
  year = {2020},
  doi = {10.1016/j.trpro.2020.03.003},
}

@article{pipes,
  author = {Pipes, L. A.},
  title = {An Operational Analysis of Traffic Dynamics},
  journal = {Journal of Applied Physics},
  volume = {24},
  pages = {274--281},
  year = {1953},
  doi = {10.1063/1.1721265},
}

@techreport{pomerleau,
  author = {Pomerleau, D. and Jochem, T. and Thorpe, C. and Batavia, P. and Pape, D. and Hadden, J. and Brown, N. and Everson, J. H.},
  title = {Run-off-road collision avoidance using IVHS countermeasures},
  institution = {NHTSA},
  number = {DOT HS 809 170},
  year = {1999},
}

@article{poock,
  author = {Poock, G. K.},
  title = {Information processing vs pupil diameter},
  journal = {Perceptual and Motor Skills},
  volume = {37},
  number = {3},
  pages = {1000--1002},
  year = {1973},
  doi = {10.1177/003151257303700363},
}

@inproceedings{prestl,
  author = {Prestl, W. and Sauer, T. and Steinle, J. and Tschernoster, O.},
  title = {The BMW active cruise control {ACC}},
  booktitle = {SAE Paper},
  number = {2000-01-0344},
  year = {2000},
  doi = {10.4271/2000-01-0344},
}

@article{reuschel,
  author = {Reuschel, A.},
  title = {Fahrzeugbewegungen in der Kolonne bei gleich- förmig beschleunigtem oder verzögertem Leitfahrzeug},
  journal = {Österreichischen Ingenieur-Archiv},
  volume = {4},
  number = {1},
  pages = {193--215},
  year = {1950},
}

@article{roenitz,
  author = {Roenitz, E. and Happer, A. and Johal, R. and Overgaard, R.},
  title = {Characteristic vehicular deceleration for known hazards},
  journal = {SAE transactions},
  volume = {108},
  number = {6},
  pages = {272--289},
  year = {1999},
  doi = {10.4271/1999-01-0098},
}

@article{rubio,
  author = {Rubio, S. and Diaz, E. and Martin, J. and Puente, J. M.},
  title = {Evaluation of Subjective Mental Workload: A Comparison of SWAT, {NASA-TLX}, and Workload Profile Methods},
  journal = {Applied Psychology},
  volume = {53},
  number = {1},
  pages = {61--86},
  year = {2004},
  doi = {10.1111/j.1464-0597.2004.00161.x},
}

@techreport{sae,
  title={Taxonomy and definitions for terms related to driving automation systems for on-road motor vehicles for On-Road Automated Driving},
  author={SAE},
  institution={SAE International},
  number={J3016\_202104},
  year={2021},
  url={https://www.sae.org/standards/content/j3016\_201806/}
}


@article{saifuzzaman,
  author = {Saifuzzaman, Mohammad and Zheng, Zuduo},
  title = {Incorporating human-factors in car-following models: a review of recent developments and research needs},
  journal = {Transportation Research Part C: Emerging Technologies},
  volume = {48},
  pages = {379--403},
  year = {2014},
  doi = {10.1016/j.trc.2014.09.008},
}

@article{saito,
  author = {Saito, Yuki and Yoshimi, Ryo and Kume, Shunsuke and Shen, Xuan and Yamasaki, Atsushi and Matsumi, Ryuji and Ito, Tomohiro and Kinoshita, Toshio and Inoue, Shinya and Shimizu, Takao and Nagai, Masao and Inoue, Hiroshi and Raksincharoensak, Pongsathorn},
  title = {Effectiveness of a Driver Assistance System with Deceleration Control and Brake Hold Functions in Stop Sign Intersection Scenarios},
  journal = {IEEE Transactions on Intelligent Transportation Systems},
  volume = {23},
  number = {7},
  pages = {8747--8758},
  year = {2021},
  doi = {10.1109/TITS.2021.3085847},
}

@inproceedings{sanchez,
  author = {Sanchez-Mateo, S. and Perez-Moreno, E. and Jiménez, F. and Naranjo, J. E. and Perez Flores, C. G. and Antoñazas Teruel, J.},
  title = {Study of a driver assistance interface for merging situations on highways},
  booktitle = {2018 IEEE International Conference on Vehicular Electronics and Safety (ICVES)},
  pages = {1--5},
  year = {2018},
  doi = {10.1109/ICVES.2018.8519495},
}

@article{sanik,
  author = {Sanik, M. E. and Hamid, N. B. and Nor, A. H. M. and Prasetijo, J. and Ani, M. S. C. and Mustakim, F.},
  title = {Drivers lane changing behavior at urban intersection by using Gap Acceptance approach},
  journal = {ARPN Journal of Engineering and Applied Sciences},
  volume = {11},
  number = {24},
  pages = {14070--14074},
  year = {2016},
}

@article{santana,
  author = {Santana, E. F. Z. and Covas, G. and Duarte, F. and Santi, P. and Ratti, C. and Kon, F.},
  title = {Transitioning to a driverless city: Evaluating a hybrid system for autonomous and non-autonomous vehicles},
  journal = {Simulation Modelling Practice and Theory},
  volume = {107},
  pages = {102210},
  year = {2021},
  doi = {10.1016/j.simpat.2020.102210},
}

@article{sartang,
  author = {Sartang, Alireza and Ashnagar, Mohammadreza and Habibi, Elham and Sadeghi, Saeed},
  title = {Evaluation of Rating Scale Mental Effort ({RSME}) effectiveness for mental workload assessment in nurses},
  journal = {Journal of Occupational Health and Epidemiology},
  volume = {5},
  number = {4},
  pages = {211--217},
  year = {2016},
  doi = {10.18869/acadpub.johe.5.4.211},
}

@article{sayed,
  title={Traffic conflict standards for intersections},
  author={Sayed, T. and Zein, S.},
  journal={Transportation, Planning and Technology},
  volume={22},
  number={4},
  pages={309--323},
  year={1999},
  doi={10.1080/03081069908717634}
}

@article{scarinci,
  title={Control concepts for facilitating motorway on-ramp merging using intelligent vehicles},
  author={Scarinci, Riccardo and Heydecker, Benjamin},
  journal={Transport Reviews},
  volume={34},
  number={6},
  pages={775--797},
  year={2014},
  doi={10.1080/01441647.2014.983210}
}


@article{schindler,
  title={Truck drivers’ behavior in encounters with vulnerable road users at intersections: Results from a test-track experiment},
  author={Schindler, R. and Piccinini, G. B.},
  journal={Accident Analysis \& Prevention},
  volume={159},
  pages={106289},
  year={2021},
  doi={10.1016/j.aap.2021.106289}
}

@inproceedings{schoegg,
  title={Driver Assistance and Automated Driving: Opportunities, Challenges, Solutions},
  author={Schoeggl, P. and Oswald, M. and Voegl, R. and Clement, P. and Stolz, M. and Ramschak, E.},
  booktitle={30th International AVL Conference “Engine \& Environment”},
  address={Graz, Austria},
  year={2018}
}

@techreport{sen,
  title={Analysis of lane change crashes},
  author={Sen, B. and Smith, J. D. and Najm, W. G.},
  number={HS-809 571},
  institution={United States. National Highway Traffic Safety Administration},
  year={2003}
}

@inproceedings{sens,
  title={Perception/reaction time values for accident reconstruction},
  author={Sens, M. J. and Cheng, P. H. and Wiechel, J. F. and Guenther, D. A.},
  booktitle={SAE Technical Paper},
  number={890732},
  year={1989},
  doi={10.4271/890732}
}

@article{sharma19,
  title={Is more always better? The impact of vehicular trajectory completeness on car-following model calibration and validation},
  author={Sharma, A. and Zheng, Z. and Bhaskar, A.},
  journal={Transportation Research Part B: Methodological},
  volume={120},
  pages={49--75},
  year={2019},
  doi={10.1016/j.trb.2018.12.016}
}

@article{sharma20,
  title={Categorizing merging and diverging strategies of truck drivers at motorway ramps and weaving sections using a trajectory dataset},
  author={Sharma, S. and Snelder, M. and Tavasszy, L. and van Lint, H.},
  journal={Transportation research record},
  volume={2674},
  number={9},
  pages={855--866},
  year={2020},
  doi={10.1177/0361198120932568}
}

@inproceedings{sharma17,
  title={Human factors in modelling mixed traffic of traditional, connected, and automated vehicles},
  author={Sharma, A. and Ali, Y. and Saifuzzaman, M. and Zheng, Z. and Haque, M. M.},
  booktitle={Advances in Human Factors in Simulation and Modeling},
  pages={262--273},
  year={2017},
  publisher={Springer},
  doi={10.1007/978-3-319-60591-3_24}
}

@article{shawky,
  title={Factors affecting lane change crashes},
  author={Shawky, M.},
  journal={IATSS Research},
  volume={44},
  number={2},
  pages={155--161},
  year={2020},
  doi={10.1016/j.iatssr.2019.12.002}
}

@article{sohrabi,
  title={Impact of an exclusive narrow automated vehicle lane on adjacent lane driver behavior},
  author={Sohrabi, A. and Machiani, S. G. and Jahangiri, A.},
  journal={Accident Analysis \& Prevention},
  volume={181},
  pages={106931},
  year={2023},
  doi={10.1016/j.aap.2022.106931}
}

@article{solismarcos,
  title={Performance of an Additional Task During Level 2 Automated Driving: An On-Road Study Comparing Drivers with and Without Experience With Partial Automation},
  author={Solís-Marcos, I. and Ahlström, C. and Kircher, K.},
  journal={Human Factors},
  volume={60},
  number={6},
  pages={778--792},
  year={2018},
  doi={10.1177/0018720818773636}
}

@article{sparmann,
  title={Spurwechselvorgänge auf zweispurigen BAB-Richtungsfahrbahnen},
  author={Sparmann, U.},
  journal={Forsch Strassenbau und Strassenverkehrstechnik},
  number={263},
  year={1978},
  issn={0344-0788}
}

@article{suh,
  title={Stochastic model-predictive control for lane change decision of automated driving vehicles},
  author={Suh, J. and Chae, H. and Yi, K.},
  journal={IEEE Transactions on Vehicular Technology},
  volume={67},
  number={6},
  pages={4771--4782},
  year={2018},
  doi={10.1109/TVT.2018.2804891}
}

@article{terrones,
  title={Una aproximación general al desarrollo de los coches autónomos},
  author={Terrones Rodríguez, A. L.},
  journal={Revista Iberoamericana de Ciencia, Tecnología y Sociedad},
  volume={16},
  number={47},
  pages={153--175},
  year={2021},
  doi={http://ojs.revistacts.net/index.php/CTS/article/view/234}
}

@misc{tobii,
  title={\emph{Eye tracker data quality report: Accuracy, precision and detected gaze under optimal conditions—controlled environment}},
  author={TobiiAB},
  year={2017},
  note={[consulta 28-05-2021]. Disponible en: \url{https://www.tobiipro.com/siteassets/tobii-pro/accuracy-and-precision-tests/tobii-pro-glasses-2-accuracy-and-precision-test-report.pdf}}
}

@phdthesis{toledo03,
  title={Integrated driving behavior modeling},
  author={Toledo, T.},
  year={2003},
  school={Department of Civil and Environmental Engineering, MIT}
}

@article{toledo07,
  title={Modeling duration of lane changes},
  author={Toledo, T. and Zohar, D.},
  journal={Transportation Research Record: Journal of the Transportation Research Board},
  volume={1999},
  number={1},
  pages={71--78},
  year={2007},
  doi={10.3141/1999-08}
}

@misc{trackhat,
  title={\emph{TrackHat Head tracking | For PC Sims and games}},  
  author={Trackhat},
  year={2017},
  note={[consulta 27-05-2021]. Disponible en: \url{https://www.trackhat.org/}}
}

@phdthesis{ubilla,
  title={Head Tracking en el Espectro Infrarrojo utilizando el Nintendo Wii Remote},
  author={Ubilla, M. J.},
  year={2009},
  school={Pontificia Universidad Católica de Chile}
}

@article{ulahannan,
  title={Designing an adaptive interface: Using eye tracking to classify how information usage changes over time in partially automated vehicles},
  author={Ulahannan, A. and Jennings, P. and Oliveira, L. and Birrell, S.},
  journal={IEEE Access},
  volume={8},
  pages={16865--16875},
  year={2020},
  doi={10.1109/ACCESS.2020.2966928}
}

@article{vanarem,
  title={The impact of cooperative adaptive cruise control on traffic-flow characteristics},
  author={Van Arem, B. and van Driel, C. and Visser, R.},
  journal={IEEE Transactions on Intelligent Transportation Systems},
  volume={7},
  number={4},
  pages={429--436},
  year={2006},
  doi={10.1109/TITS.2006.884615}
}

@article{vanbrummelen,
  title={Autonomous vehicle perception: The technology of today and tomorrow},
  author={Van Brummelen, J. and O'Brien, M. and Gruyer, D. and Najjaran, H.},
  journal={Transportation Research Part C: Emerging Technologies},
  volume={89},
  pages={384--406},
  year={2018},
  doi={10.1016/J.TRC.2018.02.012}
}

@article{vanderlaan,
  title={A Simple Procedure for the Assessment of Acceptance of Advanced Transport Telematics},
  author={Van Der Laan, J. D. and Heino, A. and De Waard, D.},
  journal={Transportation Research Part C: Emerging Technologies},
  volume={5},
  pages={1--10},
  year={1997},
  doi={10.1016/S0968-090X(96)00025-3}
}

@article{vetturi,
  title={Use of eye tracking device to evaluate the driver's behaviour and the infrastructures quality in relation to road safety},
  author={Vetturi, D. and Tiboni, M. and Maternini, G. and Bonera, M.},
  journal={Transportation Research Procedia},
  volume={45},
  pages={587--595},
  year={2020},
  doi={10.1016/j.trpro.2020.03.053}
}

@misc{villacieros,
  title={Análisis de la robustez en la detección entre la tecnología lidar y la cámara de visión artificial},
  author={Villacieros, E.},
  year={2018},
  note={Trabajo fin de Grado. Universidad Politécnica de Madrid}
}

@article{virdi,
  title={A safety assessment of mixed fleets with connected and autonomous vehicles using the surrogate safety assessment module},
  author={Virdi, N. and Grzybowska, H. and Waller, S. T. and Dixit, V.},
  journal={Accident Analysis \& Prevention},
  volume={131},
  pages={95--111},
  year={2019},
  doi={10.1016/j.aap.2019.06.001}
}

@incollection{wagner,
  title={Steuerung und Management in einem Verkehrssystem mit autonomen Fahrzeugen},
  author={Wagner, P.},
  booktitle={Autonomes Fahren: Technische, rechtliche und gesellschaftliche Aspekte},
  publisher={Springer},
  pages={313--330},
  year={2015},
  doi={10.1007/978-3-662-45854-9_15}
}

@article{wang,
  title={Human-like lane change decision model for autonomous vehicles that considers the risk perception of drivers in mixed traffic},
  author={Wang, C. and Sun, Q. and Li, Z. and Zhang, H.},
  journal={Sensors},
  volume={20},
  number={8},
  pages={2259},
  year={2020},
  doi={10.3390/s20082259}
}

@article{weaver11,
  title={Normal Pedal Activation in Real World Situations},
  author={Weaver, B. and Ruberte, L. and Khan, F. and Arndt, S.},
  journal={SAE International Journal of Passenger Cars-Mechanical Systems},
  volume={4},
  number={1},
  pages={364--369},
  year={2011},
  doi={10.4271/2011-01-0551}
}

@article{weaver21,
  title={Merging into strings of cooperative-adaptive cruise-control vehicles},
  author={Weaver, S. M. and Balk, S. A. and Philips, B. H.},
  journal={Journal of Intelligent Transportation Systems},
  volume={25},
  number={4},
  pages={401--411},
  year={2021},
  doi={10.1080/15472450.2020.1728264}
}

@article{werneke,
  title={What does the driver look at? The influence of intersection characteristics on attention allocation and driving behavior},
  author={Werneke, J. and Vollrath, M.},
  journal={Accident Analysis and Prevention},
  volume={45},
  pages={610--619},
  year={2012},
  doi={10.1016/j.aap.2011.09.048}
}

@article{wickens,
  title={Multiple resources and performance prediction},
  author={Wickens, C. D.},
  journal={Theoretical Issues in Ergonomics Science},
  volume={3},
  number={2},
  pages={159--177},
  year={2002},
  doi={10.1080/14639220210123806}
}

@phdthesis{wiedemann74,
    author = {Wiedemann, R.},
    title = {Simulation des strassenverkehrsflusses},
    school = {Institute for Traffic Engineering, University of Karlsruhe},
    year = {1974}
}

@techreport{wiedemann92,
  title={Microscopic traffic simulation: the simulation system MISSION, background and actual state},
  author={Wiedemann, R. and Reiter, U.},
  institution = {Project ICARUS (V1052) Final Report. Brussels, CEC. 2: Appendix A. Brussels},
  year={1992}
}

@inproceedings{wilson,
  title={How soon to brake and how hard to brake: Unified analysis of the envelope of opportunity for rear-end collision warnings},
  author={Wilson, B. H.},
  booktitle={SAE Technical Paper},
  number={2001-06-0126},
  year={2001}
}

@inproceedings{wong,
  title={Watch Out! Semi-Autonomous Vehicles Using Assertive Voices to Grab Distracted Drivers' Attention},
  author={Wong, P. N. and Brumby, D. P. and Ramesh Babu, H. V. and Kobayashi, K.},
  booktitle={Extended Abstracts of the 2019 CHI Conference on Human Factors in Computing Systems},
  pages={1--6},
  year={2019},
  doi={10.1145/3290607.3312838}
}

@book{who2018,
  title={Global status report on road safety: Time for action.},
  author={World~Health~Organization},
  year={2018},
  publisher={Geneva, World Health Organization}
}

@article{xia,
  title={A human-like model to understand surrounding vehicles' lane changing intentions for autonomous driving},
  author={Xia, Y. and Qu, Z. and Sun, Z. and Li, Z.},
  journal={IEEE Transactions on Vehicular Technology},
  volume={70},
  number={5},
  pages={4178--4189},
  year={2021},
  doi={10.1109/TVT.2021.3073407}
}

@article{xu,
  title={Studying Freeway Merging Conflicts Using Virtual Reality Technology},
  author={Xu, Z. and Zou, X. and Oh, T. and Vu, H. L.},
  journal={Journal of Safety Research},
  volume={76},
  pages={16--29},
  year={2021},
  doi={10.1016/j.jsr.2020.11.002}
}

@article{yang20,
  title={An integrated microsimulation approach for safety performance assessment of the Wyoming connected vehicle pilot deployment program},
  author={Yang, Guangchuan and Ahmed, Mohamed and Adomah, Eric},
  journal={Accident Analysis \& Prevention},
  volume={146},
  pages={105714},
  year={2020},
  publisher={Elsevier},
  doi={10.1016/j.aap.2020.105714}
}

@article{yang19,
  title={Examining lane change gap acceptance, duration and impact using naturalistic driving data},
  author={Yang, M. and Wang, X. and Quddus, M.},
  journal={Transportation Research Part C: Emerging Technologies},
  volume={104},
  pages={317--331},
  year={2019},
  doi={10.1016/j.trc.2019.05.024}
}

@article{yang96,
  title={A microscopic traffic simulator for evaluation of dynamic traffic management systems},
  author={Yang, Q. and Koutsopoulos, H. N.},
  journal={Transportation Research Part C: Emerging Technologies},
  volume={4},
  number={3},
  pages={113--129},
  year={1996},
  doi={10.1016/S0968-090X(96)00006-X}
}

@article{yang21,
  title={Effects of Distraction in On-Road Level 2 Automated Driving: Impacts on Glance Behavior and Takeover Performance},
  author={Yang, S. and Kuo, J. and Lenné, M. G.},
  journal={Human Factors},
  volume={63},
  number={8},
  pages={1485--1497},
  year={2021},
  doi={10.1177/0018720820936793}
}

@article{yeong,
  title={Sensor and sensor fusion technology in autonomous vehicles: A review},
  author={Yeong, D. J. and Velasco-Hernandez, G. and Barry, J. and Walsh, J.},
  journal={Sensors},
  volume={21},
  number={6},
  pages={1--37},
  year={2021},
  doi={10.3390/s21062140}
}

@article{yi,
  title={An investigation of intelligent cruise control laws for passenger vehicles},
  author={Yi, K. and Lee, S. and Kwon, Y. D.},
  journal={Proceedings of the Institution of Mechanical Engineers, Part D: Journal of Automobile Engineering},
  volume={215},
  number={2},
  pages={159--169},
  year={2001},
  doi={10.1243/0954407011525502}
}

@inproceedings{zajic,
  title={Video-based Assistance for Autonomous Driving},
  author={Zajic, G. and Popovic, K. and Gavrovska, A. and Reljin, I. and Reljin, B.},
  booktitle={2020 Zooming Innovation in Consumer Technologies Conference (ZINC)},
  pages={151--154},
  year={2020},
  doi={10.1109/ZINC50678.2020.9161771}
}

@article{zangi,
  title={Driver distraction and its effects on partially automated driving performance: A driving simulator study among young-experienced drivers},
  author={Zangi, N. and Srour-Zreik, R. and Ridel, D. and Chasidim, H. and Borowsky, A.},
  journal={Accident Analysis and Prevention},
  volume={166},
  pages={106565},
  year={2022},
  doi={10.1016/j.aap.2022.106565}
}

@article{zhang20,
  title={Safety evaluation for connected and autonomous vehicles' exclusive lanes considering penetrate ratios and impact of trucks using surrogate safety measures},
  author={Zhang, J. and Wu, K. and Cheng, M. and Yang, M. and Cheng, Y. and Li, S.},
  journal={Journal of Advanced Transportation},
  volume={5847814},
  pages={1--16},
  year={2020},
  doi={10.1155/2020/5847814}
}

@inproceedings{zhang22,
  title={MAFF-Net: Filter False Positive for 3D Vehicle Detection with Multi-modal Adaptive Feature Fusion},
  author={Zhang, Z. and Shen, Y. and Li, H. and Zhao, X. and Yang, M. and Tan, W. and Pu, S. and Mao, H.},
  booktitle={2022 IEEE 25th International Conference on Intelligent Transportation Systems (ITSC)},
  pages={369--376},
  year={2022},
  doi={10.1109/ITSC55140.2022.9922104}
}

@article{zhou,
  title={Using Eye-Tracking Data to Predict Situation Awareness in Real Time During Takeover Transitions in Conditionally Automated Driving},
  author={Zhou, F. and Yang, X. J. and de Winter, J. C. F.},
  journal={IEEE Transactions on Intelligent Transportation Systems},
  volume={23},
  number={3},
  pages={2284--2295},
  year={2022},
  doi={10.1109/TITS.2021.3069776}
}

@phdthesis{zijlstra,
  title={Efficiency in Work Behaviour: A Design Approach for Modern Tools},
  author={Zijlstra, F. R. H.},
  school={TU Delft Institutional Repository},
  year={1993},
  isbn={90-6275-918-1}
}
